
@article{bn,
author={Ioffe, Sergey AND  Szegedy, Christian},
journal={Le beau journal},
title={Batch Normalization: Accelerating Deep Network Training by
Reducing Internal Covariate Shift},
year={2015},
month={Mars}
}

@book{steve,
author={Nielsen A., Michael},
title={"Neural Network and Deep Learning"},
year={2015},
publisher={Determination Press}
}

@article{cnn,
title={Derivation of Backpropagation in
Convolutional Neural Network (CNN)},
author={Zhifei, Zhang},
year={2016},
month={Octobre},
organization={University of Tennessee, Knoxvill, TN}
}

@article{optimiseur1,
title={An overview of gradient descent optimization algorithms},
author={Ruder, Sebastian},
year={2016},
month={Janvier},
note={http://ruder.io/optimizing-gradient-descent/}
}

@article{optimiseur2,
title={A visualization of a saddle point in the optimization landscape, where the curvature along different dimension has different signs},
author={Radford, Alec},
year={2016},
month={Janvier},
note={http://cs231n.github.io/assets/nn3/opt1.gif}
}

@article{optimiseur3,
title={Contours of a loss surface and time evolution of different optimization algorithms},
author={Radford, Alec},
year={2016},
month={Janvier},
note={http://cs231n.github.io/assets/nn3/opt2.gif}
}

@article{3b1b,
author={Grant, Sanderson},
title={Neural Netwotk},
year={2017},
note={Youtube, 3Blue1Brown}
}

@article{s4a,
author={Nguyên Hoang, Lê},
title={Intelligence Artificielle},
year={2017},
note={Youtube, Science4All}
}
@article{cifar,
author={Krizhevsky, Alex AND Nair, Vinod AND Hinton, Geoffrey},
title={The CIFAR's Dataset,
year={2009},
note={https://www.cs.toronto.edu/~kriz/cifar.html}
}
@article{mnist,
author={LeCun, Yann AND Cortes , Corinna AND J.C. Burges, Christopher},
title={THE MNIST DATABASE
of handwritten digits},
year={1998},
note={http://yann.lecun.com/exdb/mnist/}
}
